@article{Kruger11,
  title = {Nonequilibrium Electromagnetic Fluctuations: Heat Transfer and Interactions},
  author = {Kr\"uger, Matthias and Emig, Thorsten and Kardar, Mehran},
  journal = {Phys. Rev. Lett.},
  volume = {106},
  pages = {210404},
  year = {2011},
}
@article{Kruger09,
  title = {Fluctuation Dissipation Relations in Stationary States of Interacting Brownian Particles under Shear},
  author = {Kr\"uger, Matthias and Fuchs, Matthias},
  journal = {Phys. Rev. Lett.},
  volume = {102},
  pages = {135701},
  year = {2009},
} 


@article{blickle2006,
  author  = {Blickle, V. and Speck, T. and Helden, L. and Seifert, U. and Bechinger, C.},
  title   = {Thermodynamics of a colloidal particle in a time-dependent non-harmonic potential},
  journal = {Phys. Rev. Lett.},
  volume  = {96},
  year    = {2006},
  pages   = {070603},
}

@article{blickle2007,
  author  = {Blickle, V. and Speck, T. and Lutz, C. and Seifert, U. and Bechinger, C.},
  title   = {The Einstein relation generalized to non-equilibrium}, 
  journal = {Phys. Rev. Lett.},
  volume  = {98},
  year    = {2007},
  pages   = { 210601},
}  
 
@article{blickle2012,
  author  = {Blickle, V. and Bechinger, C.},
  title   = {Realization of a micrometre-sized stochastic heat engine},
  journal = {Nature Physics}, 
  volume  = {8},
  year    = {2012},
  pages   = {143 - 146},
}  
 
 
@article{scholz2012,
  author  = {Scholz, C. and Wirner, F. and G\"otz, J. and R\"ude, U. and  Schr\"oder-Turk, G. E. and Mecke, K. and Bechinger, C.},
  title   = {Permeability of porous materials determined from the Euler characteristic},
  journal = {Phys. Rev. Lett.},
  volume  = {109}, 
  year    = {2012},
  pages   = {264504},
}  
 
@article{kuemmel2013,
  author  = {K\"ummel, F. and ten Hagen, B. and Wittkowski, R. and Buttinoni, I. and Eichhorn, R. and Volpe, G. and L\"owen, H. and Bechinger, C.},
  title   = {Circular motion of asymmetric self-propelling particles},
  journal = {Phys. Rev. Lett.}, 
  volume  = {110}, 
  year    = {2013},
  pages   = {198302},
}  
 
@article{buttinoni2013,
  author  = {Buttinoni, I. and Bialke, J. and K\"ummel, F. and L\"owen, H. and Bechinger, C. and Speck, T.},
  title   = {Dynamical clustering and phase separation in suspensions of self-propelled colloidal particles},
  journal = {Phys. Rev. Lett.},
  volume  = {110}, 
  year    = {2013},
  pages   = {238301},
}

@article{tenHagen2014,
  author  = {ten Hagen, B. and K\"ummel, F. and Wittkowski, R. and Takagi, D. and L\"owen, H. and Bechinger, C.},
  title   = {Gravitaxis of asymmetric self-propelled colloidal particles},
  journal = {Nature Comm.},
  volume  = {5},
  year    = {2014},
  pages   = {4829},
}


@article{Aerov14,
  author = {Aerov, Artem A. and Kr\"uger, Matthias},
  title = {Driven colloidal suspensions in confinement and density functional theory: Microstructure and wall-slip},
  journal = {J. Chem. Phys.},
  year = {2014},
  volume = {140},
 pages = {094701}
}


@book{degrootmazur,
  title={Non-equilibrium thermodynamics},
  author={De Groot, Sybren Ruurds and Mazur, Peter},
  year={1962},
  publisher={Courier Corporation}
}


@article{onsager1,
  author = 	 {Lars Onsager},
  title = 	 {Reciprocal Relations in Irreversible Processes. I.},
  journal = 	 {Phys. Rev.},
  year = 	 {1931},
  volume = 	 {37},
  pages = 	 {405}
}

@article{onsager2,
  author = 	 {Lars Onsager},
  title = 	 {Reciprocal Relations in Irreversible Processes. II.},
  journal = 	 {Phys. Rev.},
  year = 	 {1931},
  volume = 	 {38},
  pages = 	 {2265}
}

@book{kubo,
  author = 	 {Kubo, Ryogo and Toda, Morikazu and Hashitsume, Natsuki},
  title = 	 {Statistical Physics II -- Nonequilibrium Statistical Mechanics},
  publisher = 	 {Springer-Verlag},
  year = 	 {1991},
  volume = 	 {31},
  series = 	 {Springer Series in Solid-State Sciences},
  address = 	 {Berlin Heidelberg}
}

@Article{solon-etal:2015,
  author = 	 {Solon, A. P. and Fily Y. and Baskaran, A. and Cates,  M. E. and Kafri, Y. and Kardar, M. and Tailleur, J.},
  title = 	 {Pressure is not a state function for generic active fluids},
  journal = 	 {Nature Phys.},
  year = 	 2015,
  volume = 	 11,
  pages = 	 {673-678}
}

@Article{baiesi-wynants:2009,
  author = 	 {Baiesi, M. and Wynants, B.},
  title = 	 {Fluctuations and response of nonequilibrium states.},
  journal = 	 {Phys. Rev. Lett.},
  year = 	 2009,
  volume = 	 103,
  pages = 	 010602
}

@Article{marchetti-etal:2013,
  author = 	 {Marchetti, M. C. and Joanny, J. F. and Ramaswamy, S. and Liverpool, T. B. and Prost,
  J. and Rao, Madan and Simha, R. Aditi},
  title = 	 {Hydrodynamics of soft active matter},
  journal = 	 {Rev. Mod. Phys.},
  year = 	 2013,
  volume = 	 85,
  pages = 	 {1143--1189}
 }

@Article{ginot-etal:2015,
  author = 	 {Ginot, F{\'e}lix and Theurkauff, Isaac and Levis, Demian and Ybert, Christophe and Bocquet, Lyd{\'e}ric and Berthier, Ludovic and Cottin-Bizonne,  C{\'e}cile},
  title = 	 {Nonequilibrium Equation of State in Suspensions of Active Colloids},
  journal = 	 {Phys. Rev. X},
  year = 	 2015,
  volume = 	 5,
  pages = 	 011004
}

@article{Braun:NanoLetters:2015,
	author = {Braun, Marco  and Bregulla, Andreas Paul  and G\"{u}nther, Katrin  and Mertig, Michael  and Cichos, Frank},
	title = {Single Molecules Trapped by Dynamic Inhomogeneous Temperature Fields},
	journal = {Nano Lett.},
	pages = {5499-5505},
	publisher = {American Chemical Society (ACS)},
	volume = {15},
	year = {2015},
}

@article{Qian2013,
	author = {Qian, Bian  and Montiel, Daniel  and Bregulla, Andreas  and Cichos, Frank  and Yang, Haw},
	title = {Harnessing thermal fluctuations for purposeful activities: the manipulation of single 
	micro-swimmers by adaptive photon nudging},
	journal = {Chem. Sci.},
	volume = {4},
	number = {4},
	pages = {1420-1429},
	publisher = {The Royal Society of Chemistry},
	year = {2013},
}

@Article{gralka-kroy:2015,
  author = 	 {Gralka, M. and Kroy, K.},
  title = 	 {Inelastic mechanics: A unifying principle in biomechanics},
  journal = 	 {Biochim. Biophys. Acta -- Mol. Cell Res.},
  year = 	 2015,
  note =         {In press},
}

@Article{bullerjahn-sturm-kroy:2014,
  author = 	 {Bullerjahn, Jakob T. and Sturm, Sebastian and Kroy, Klaus},
  title = 	 {Theory of rapid force spectroscopy},
  journal = 	 {Nature Commun.},
  year = 	 2014,
  volume = 	 5,
  pages = 	 4463
}

@Article{otto-etal:2013,
  author = 	 {Otto, Oliver and Sturm, Sebastian and Laohakunakorn, Nadanai and Keyser, Ulrich F. and Kroy, Klaus},
  title = 	 {Rapid internal contraction boosts DNA friction},
  journal = 	 {Nature Commun.},
  year = 	 2013,
  volume = 	 4,
  pages = 	 1780
}

@Article{schoebl-etal:2014,
  author = 	 {Sch{\"o}bl, S. and Sturm, S. and Janke, W. and Kroy, K.},
  title = 	 {Persistence-Length Renormalization of Polymers in a Crowded Environment of Hard Disks},
  journal = 	 {Phys.~Rev.~Lett.},
  year = 	 2014,
  volume = 	 113,
  pages = 	 238302
}

@Article{kroy:2014,
  author = 	 {Kroy, K.},
  title = 	 {Non-equilibrium nano-thermometry},
  journal = 	 {Nature Nanotech.},
  year = 	 2014,
  volume = 	 9,
  pages = 	 {415--417}
}

@Article{rings-chakraborty-kroy:2012,
  author = 	 {Rings, D. and Chakraborty, D. and Kroy, K.},
  title = 	 {Rotational hot {B}rownian motion},
  journal = 	 {New J. Phys.},
  year = 	 2012,
  volume = 	 14,
  pages = 	 053012
}

@Article{mikhailov-kapral:2015,
  author = 	 {Mikhailov, Alexander S. and Kapral, Raymond},
  title = 	 {Hydrodynamic collective effects of active protein machines in solution and lipid bilayers},
  journal = 	 {Proc. Natl. Acad. Sci. (USA)},
  year = 	 2015,
  volume = 	 112,
  number = 	 28,
  pages = 	 {E3639--E3644}
}

@Article{kheifets-etal:2014,
  author = 	 {Kheifets, Simon and Simha, Akarsh and Melin, Kevin and Li, Tongcang and Raizen, Mark G.},
  title = 	 {Observation of Brownian Motion in Liquids at Short Times: Instantaneous Velocity and Memory Loss},
  journal = 	 {Science},
  year = 	 2014,
  volume = 	 343,
  pages = 	 {1493--1496}
}

@article{zoettl-stark:2014,
  title = {Hydrodynamics Determines Collective Motion and Phase Behavior of Active Colloids in 
  Quasi-Two-Dimensional Confinement},
  author = {Z\"ottl, Andreas and Stark, Holger},
  journal = {Phys. Rev. Lett.},
  volume = {112},
  issue = {11},
  pages = {118101},
  numpages = {5},
  year = {2014}
}

@Article{falasco-etal:2014,
  author = 	 {Falasco, G. and Gnann, M. V. and Rings, D. and Kroy, K.},
  title = 	 {Effective temperatures of hot Brownian motion},
  journal = 	 {Phys. Rev. E},
  year = 	 2014,
  volume = 	 90,
  pages = 	 032131
  }
  
  @ARTICLE{chakraborty-etal:2011,
  author = {Chakraborty, D. and Gnann, M. V. and Rings, D. and Glaser, J. and 
	Otto, F. and Cichos, F. and Kroy, K.},
  title = {Generalised {E}instein relation for hot {B}rownian motion},
  journal = {Europhys. Lett.},
  year = {2011},
  volume = {96},
  pages = {60009},
  number = {6}
}

@ARTICLE{rings-etal:2010,
  author = {Rings, D. and Schachoff, R. and Selmke, M. and Cichos,
	F. and Kroy, K.},
  title = {{H}ot {B}rownian {M}otion},
  journal = {Phys. Rev. Lett.},
  year = {2010},
  volume = {105},
  pages = {090604},
  number = {9}
}

@article{MehtaSchwab12,
	Author = {Mehta, Pankaj and Schwab, David J},
	Date-Added = {2015-09-18 20:18:41 +0000},
	Date-Modified = {2015-09-18 20:18:41 +0000},
	Journal = {Proc. Natl. Acad. Sci. (USA)},
	Number = {44},
	Pages = {17978--17982},
	Publisher = {National Acad Sciences},
	Title = {Energetic costs of cellular computation},
	Volume = {109},
	Year = {2012}}


@article{LanSartoriNeumannSourjikTu12,
	Author = {Lan, Ganhui and Sartori, Pablo and Neumann, Silke and Sourjik, Victor and Tu, Yuhai},
	Date-Added = {2015-09-18 20:12:17 +0000},
	Date-Modified = {2015-09-18 20:12:17 +0000},
	Journal = {Nature physics},
	Number = {5},
	Pages = {422--428},
	Publisher = {Nature Publishing Group},
	Title = {The energy-speed-accuracy trade-off in sensory adaptation},
	Volume = {8},
	Year = {2012}}

@article{LanTu13,
	Author = {Lan, Ganhui and Tu, Yuhai},
	Date-Added = {2015-09-18 20:12:44 +0000},
	Date-Modified = {2015-09-18 20:12:44 +0000},
	Journal = {J Royal Soc. Interface},
	Keywords = {adaptation; dissipation; networks; chemical reactions},
	Number = {87},
	Pages = {20130489},
	Publisher = {The Royal Society},
	Title = {The cost of sensitive response and accurate adaptation in networks with an incoherent type-1 feed-forward loop},
	Volume = {10},
	Year = {2013},
	Bdsk-File-1 = {YnBsaXN0MDDUAQIDBAUGJCVYJHZlcnNpb25YJG9iamVjdHNZJGFyY2hpdmVyVCR0b3ASAAGGoKgHCBMUFRYaIVUkbnVsbNMJCgsMDxJXTlMua2V5c1pOUy5vYmplY3RzViRjbGFzc6INDoACgAOiEBGABIAFgAdccmVsYXRpdmVQYXRoWWFsaWFzRGF0YV8QQS4uLy4uL1RVZS9GYWN1bHRlaXQvQ0FTQS9BYW52cmFnZW4vRVJDL1BERnMtRVJDL0xlemVuL0xhblR1MTUucGRm0hcLGBlXTlMuZGF0YU8RAcwAAAAAAcwAAgAACVVzZXJIb21lcwAAAAAAAAAAAAAAAAAAAAAAAM28VCVIKwAAAONS/QtMYW5UdTE1LnBkZgAAAAAAAAAAAAAAAAAAAAAAAAAAAAAAAAAAAAAAAAAAAAAAAAAAAAAAAAAAAAAAAAAAAAAA26SC0NQzugAAAAAAAAAAAAIACAAACQAAAAAAAAAAAAAAAAAAAAAFTGV6ZW4AABAACAAAzbw4BQAAABEACAAA0NQlqgAAAAEAIADjUv0Ar4hiAK+IJQAJxCsACcQoAAnDywAI58sAAABkAAIAUlVzZXJIb21lczptYXJrOgBUVWU6AEZhY3VsdGVpdDoAQ0FTQToAQWFudnJhZ2VuOgBFUkM6AFBERnMtRVJDOgBMZXplbjoATGFuVHUxNS5wZGYADgAYAAsATABhAG4AVAB1ADEANQAuAHAAZABmAA8AFAAJAFUAcwBlAHIASABvAG0AZQBzABIAQS9tYXJrL1RVZS9GYWN1bHRlaXQvQ0FTQS9BYW52cmFnZW4vRVJDL1BERnMtRVJDL0xlemVuL0xhblR1MTUucGRmAAATABIvVm9sdW1lcy9Vc2VySG9tZXMAFQACABf//wAAgAbSGxwdHlokY2xhc3NuYW1lWCRjbGFzc2VzXU5TTXV0YWJsZURhdGGjHR8gVk5TRGF0YVhOU09iamVjdNIbHCIjXE5TRGljdGlvbmFyeaIiIF8QD05TS2V5ZWRBcmNoaXZlctEmJ1Ryb290gAEACAARABoAIwAtADIANwBAAEYATQBVAGAAZwBqAGwAbgBxAHMAdQB3AIQAjgDSANcA3wKvArECtgLBAsoC2ALcAuMC7ALxAv4DAQMTAxYDGwAAAAAAAAIBAAAAAAAAACgAAAAAAAAAAAAAAAAAAAMd}}


@article{AdamsDirrPeletierZimmer13,
	Author = {Adams, S. and Dirr, N. and Peletier, M. A. and Zimmer, J.},
	Date-Added = {2015-09-18 17:23:35 +0000},
	Date-Modified = {2015-09-18 17:23:35 +0000},
	Journal = {Phil. Trans. Royal Soc. A},
	Number = {2005},
	Pages = {20120341},
	Publisher = {The Royal Society},
	Title = {Large deviations and gradient flows},
	Volume = {371},
	Year = {2013}}

@article{CaoWangOuyangTu15,
	Author = {Cao, Yuansheng and Wang, Hongli and Ouyang, Qi and Tu, Yuhai},
	Date-Added = {2015-09-18 20:11:46 +0000},
	Date-Modified = {2015-09-18 20:11:46 +0000},
	Journal = {arXiv:1506.05686},
	Keywords = {chemical reactions, dissipation},
	Title = {The free energy cost of accurate biochemical oscillations},
	Year = {2015},
	Bdsk-File-1 = {YnBsaXN0MDDUAQIDBAUGJCVYJHZlcnNpb25YJG9iamVjdHNZJGFyY2hpdmVyVCR0b3ASAAGGoKgHCBMUFRYaIVUkbnVsbNMJCgsMDxJXTlMua2V5c1pOUy5vYmplY3RzViRjbGFzc6INDoACgAOiEBGABIAFgAdccmVsYXRpdmVQYXRoWWFsaWFzRGF0YV8QSC4uLy4uL0Ryb3Bib3gvSUNNUy9QZXJmZWN0QWRhcHRhdGlvbi9EaXNzaXBhdGlvbi9DYW9XYW5nT3V5YW5nVHUxNVRSLnBkZtIXCxgZV05TLmRhdGFPEQHoAAAAAAHoAAIAAAlVc2VySG9tZXMAAAAAAAAAAAAAAAAAAAAAAADNvFQlSCsAAAA4mf8XQ2FvV2FuZ091eWFuZ1R1MTVUUi5wZGYAAAAAAAAAAAAAAAAAAAAAAAAAAAAAAAAAAAAAAAAAAAAAAAAAAAAAAQWnENGxafoAAAAAAAAAAAACAAUAAAkAAAAAAAAAAAAAAAAAAAAAC0Rpc3NpcGF0aW9uAAAQAAgAAM28OAUAAAARAAgAANGxTdoAAAABABQAOJn/AABzTwDGCK8AAHK3AAAAZAACAFZVc2VySG9tZXM6bWFyazoARHJvcGJveDoASUNNUzoAUGVyZmVjdEFkYXB0YXRpb246AERpc3NpcGF0aW9uOgBDYW9XYW5nT3V5YW5nVHUxNVRSLnBkZgAOADAAFwBDAGEAbwBXAGEAbgBnAE8AdQB5AGEAbgBnAFQAdQAxADUAVABSAC4AcABkAGYADwAUAAkAVQBzAGUAcgBIAG8AbQBlAHMAEgBIL21hcmsvRHJvcGJveC9JQ01TL1BlcmZlY3RBZGFwdGF0aW9uL0Rpc3NpcGF0aW9uL0Nhb1dhbmdPdXlhbmdUdTE1VFIucGRmABMAEi9Wb2x1bWVzL1VzZXJIb21lcwAVAAIAF///AACABtIbHB0eWiRjbGFzc25hbWVYJGNsYXNzZXNdTlNNdXRhYmxlRGF0YaMdHyBWTlNEYXRhWE5TT2JqZWN00hscIiNcTlNEaWN0aW9uYXJ5oiIgXxAPTlNLZXllZEFyY2hpdmVy0SYnVHJvb3SAAQAIABEAGgAjAC0AMgA3AEAARgBNAFUAYABnAGoAbABuAHEAcwB1AHcAhACOANkA3gDmAtIC1ALZAuQC7QL7Av8DBgMPAxQDIQMkAzYDOQM+AAAAAAAAAgEAAAAAAAAAKAAAAAAAAAAAAAAAAAAAA0A=}}

@article{PolettiniWachtelEsposito15,
	Author = {Polettini, Matteo and Wachtel, Artur and Esposito, Massimiliano},
	Date-Added = {2015-09-18 17:30:09 +0000},
	Date-Modified = {2015-09-18 17:30:09 +0000},
	Journal = {arXiv:1507.00058},
	Title = {Dissipation in noisy chemical networks: The role of deficiency},
	Year = {2015}}

@article{RoekelMeijerMasroorGarzaEstevez-TorresRondelezZagarisPeletierHilbersGreef14,
	Author = {van Roekel, H. W. H. and Meijer, L. H. H. and Masroor, S. and Z. C. F{\'e}lix Garza and Est{\'e}vez-Torres, A. and Rondelez, Y, and Zagaris, A. and Peletier, M. A. and Hilbers, P. A. J.  and de Greef, T. F. A.},
	Date-Added = {2015-09-18 17:34:54 +0000},
	Date-Modified = {2015-09-18 17:34:54 +0000},
	Journal = {ACS synthetic biology},
	Publisher = {ACS Publications},
	Title = {Automated Design of Programmable Enzyme-Driven DNA Circuits},
	Year = {2014}}

@article{AGBB15,
   author = "Aguilar Sandoval, Felipe and Geitner, Mickael and Bertin, Éric and Bellon, Ludovic",
   title = "Resonance frequency shift of strongly heated micro-cantilevers",
   journal = "J. Applied Phys.",
   year = "2015",
   volume = "117",
   eid = 234503,
   pages = "-",
}

@article{Cet13,
  author={Livia Conti and Paolo De Gregorio and Gagik Karapetyan and Claudia Lazzaro and Matteo Pegoraro and Michele Bonaldi and Lamberto Rondoni},
  title={Effects of breaking vibrational energy equipartition on measurements of temperature in macroscopic oscillators subject to heat flux},
  journal={JSTAT},
  volume={2013},
  number={12},
  pages={P12003},
  year={2013},
}

@article{BMW09,
  title = {Fluctuations and Response of Nonequilibrium States},
  author = {Baiesi, Marco and Maes, Christian and Wynants, Bram},
  journal = {Phys. Rev. Lett.},
  volume = {103},
  pages = {010602},
  year = {2009},
}

@article{NM12,
  title = {Mechanical metamaterials with negative compressibility transitions},
  author = {Zachary G. Nicolaou and Adilson E. Motter},
  journal = {Nature Mater.},
  volume = 11,
  pages = 608,
  year = 2012,
}

@Article{CG15,
  author ="Cairns, Andrew B. and Goodwin, Andrew L.",
  title  ="Negative linear compressibility",
  journal  ="Phys. Chem. Chem. Phys.",
  year  ="2015",
  volume  ="17",
  pages  ="20449-20465",
}
